<record><leader>00000cas a22000007a 4500</leader><controlfield tag="001">34763805</controlfield><controlfield tag="008">960521d18991974okuwr n       0    0eng d</controlfield><datafield ind1=" " ind2=" " tag="010"><subfield code="a">sn 96087778 </subfield></datafield><datafield ind1=" " ind2=" " tag="040"><subfield code="a">OBN</subfield><subfield code="b">eng</subfield><subfield code="c">OBN</subfield><subfield code="d">OCLCQ</subfield><subfield code="d">OCLCF</subfield><subfield code="d">OCLCO</subfield></datafield><datafield ind1="1" ind2=" " tag="029"><subfield code="a">AU@</subfield><subfield code="b">000025921949</subfield></datafield><datafield ind1=" " ind2=" " tag="042"><subfield code="a">msc</subfield></datafield><datafield ind1=" " ind2=" " tag="043"><subfield code="a">n-us-ok</subfield></datafield><datafield ind1="0" ind2=" " tag="130"><subfield code="a">Oklahoma hornet (Waukomis, Okla. : 1899)</subfield></datafield><datafield ind1="1" ind2="4" tag="245"><subfield code="a">The Oklahoma hornet.</subfield></datafield><datafield ind1="3" ind2=" " tag="246"><subfield code="a">Waukomis hornet</subfield></datafield><datafield ind1="3" ind2=" " tag="246"><subfield code="a">Hornet</subfield></datafield><datafield ind1=" " ind2=" " tag="260"><subfield code="a">Waukomis, Garfield County, Okla. :</subfield><subfield code="b">Bert Campbell Print. Co.</subfield></datafield><datafield ind1=" " ind2=" " tag="300"><subfield code="a">v.</subfield></datafield><datafield ind1=" " ind2=" " tag="310"><subfield code="a">Weekly</subfield></datafield><datafield ind1="0" ind2=" " tag="362"><subfield code="a">Vol. 1, no. 1 (July 1, 1899)-v. 76, no. 17 (Oct. 3, 1974).</subfield></datafield><datafield ind1=" " ind2=" " tag="500"><subfield code="a">Published as: Hornet, Dec 20, 1912-Jan. 10, 1913, Feb. 14-28, 1913.</subfield></datafield><datafield ind1=" " ind2="0" tag="651"><subfield code="a">Waukomis (Okla.)</subfield><subfield code="v">Newspapers.</subfield></datafield><datafield ind1=" " ind2="0" tag="651"><subfield code="a">Garfield County (Okla.)</subfield><subfield code="v">Newspapers.</subfield></datafield><datafield ind1=" " ind2="7" tag="655"><subfield code="a">Newspapers.</subfield><subfield code="2">fast</subfield><subfield code="0">(OCoLC)fst01423814</subfield></datafield><datafield ind1=" " ind2="7" tag="651"><subfield code="a">Oklahoma</subfield><subfield code="z">Garfield County.</subfield><subfield code="2">fast</subfield><subfield code="0">(OCoLC)fst01221561</subfield></datafield><datafield ind1=" " ind2="7" tag="651"><subfield code="a">Oklahoma</subfield><subfield code="z">Waukomis.</subfield><subfield code="2">fast</subfield><subfield code="0">(OCoLC)fst01871444</subfield></datafield><datafield ind1=" " ind2=" " tag="752"><subfield code="a">United States</subfield><subfield code="b">Oklahoma</subfield><subfield code="c">Garfield</subfield><subfield code="d">Waukomis.</subfield></datafield><datafield ind1="0" ind2="0" tag="780"><subfield code="t">Cherokee republican</subfield><subfield code="w">(DLC)sn 96087777</subfield><subfield code="w">(OCoLC)34763614</subfield></datafield><datafield ind1="0" ind2="0" tag="785"><subfield code="t">Waukomis Oklahoma hornet</subfield><subfield code="w">(DLC)sn 96087779</subfield><subfield code="w">(OCoLC)34763994</subfield></datafield></record>